% K-means
@article{kanungo2004local,
  title     = {A local search approximation algorithm for k-means clustering},
  author    = {Kanungo, Tapas and Mount, David M and Netanyahu, Nathan S and Piatko, Christine D and Silverman, Ruth and Wu, Angela Y},
  journal   = {Computational Geometry},
  volume    = {28},
  number    = {2-3},
  pages     = {89--112},
  year      = {2004},
  publisher = {Elsevier}
}

% K-means 缺陷
@inproceedings{arthur2006slow,
  title     = {How slow is the k-means method?},
  author    = {Arthur, David and Vassilvitskii, Sergei},
  booktitle = {Proceedings of the twenty-second annual symposium on Computational geometry},
  pages     = {144--153},
  year      = {2006}
}

%K-means++ 优秀
@article{nielsen2013total,
  title   = {Total Jensen divergences: Definition, properties and k-means++ clustering},
  author  = {Nielsen, Frank and Nock, Richard},
  journal = {arXiv preprint arXiv:1309.7109},
  year    = {2013}
}
%K-means++
@techreport{arthur2006k,
  title       = {k-means++: The advantages of careful seeding},
  author      = {Arthur, David and Vassilvitskii, Sergei},
  year        = {2006},
  institution = {Stanford}
}

% Robert Parker葡萄酒评分体系
@phdthesis{hommerberg2011persuasiveness,
  title  = {Persuasiveness in the discourse of wine: The rhetoric of Robert Parker},
  author = {Hommerberg, Charlotte},
  year   = {2011},
  school = {Linnaeus University Press}
}

%PCA:Bartlett's test
@article{arsham2011bartlett,
  title   = {Bartlett's Test.},
  author  = {Arsham, Hossein and Lovric, Miodrag},
  journal = {International encyclopedia of statistical science},
  volume  = {1},
  pages   = {87--88},
  year    = {2011}
}

%PCA
@article{daffertshofer2004pca,
  title     = {PCA in studying coordination and variability: a tutorial},
  author    = {Daffertshofer, Andreas and Lamoth, Claudine JC and Meijer, Onno G and Beek, Peter J},
  journal   = {Clinical biomechanics},
  volume    = {19},
  number    = {4},
  pages     = {415--428},
  year      = {2004},
  publisher = {Elsevier}
}

%IPCA
@inproceedings{jeong2009ipca,
  title        = {ipca: An interactive system for pca-based visual analytics},
  author       = {Jeong, Dong Hyun and Ziemkiewicz, Caroline and Fisher, Brian and Ribarsky, William and Chang, Remco},
  booktitle    = {Computer Graphics Forum},
  volume       = {28},
  number       = {3},
  pages        = {767--774},
  year         = {2009},
  organization = {Wiley Online Library}
}

%K-S检验
@article{young1977proof,
  title     = {Proof without prejudice: use of the Kolmogorov-Smirnov test for the analysis of histograms from flow systems and other sources.},
  author    = {Young, Ian T},
  journal   = {Journal of Histochemistry \& Cytochemistry},
  volume    = {25},
  number    = {7},
  pages     = {935--941},
  year      = {1977},
  publisher = {SAGE Publications Sage CA: Los Angeles, CA}
}

%T检验
@article{de2013using,
  title   = {Using the Student's t-test with extremely small sample sizes},
  author  = {De Winter, Joost CF},
  journal = {Practical Assessment, Research, and Evaluation},
  volume  = {18},
  number  = {1},
  pages   = {10},
  year    = {2013}
}

%KMO 检验
@article{dziuban1974correlation,
  title     = {When is a correlation matrix appropriate for factor analysis? Some decision rules.},
  author    = {Dziuban, Charles D and Shirkey, Edwin C},
  journal   = {Psychological bulletin},
  volume    = {81},
  number    = {6},
  pages     = {358},
  year      = {1974},
  publisher = {American Psychological Association}
}